@article{qsar,
  doi = {10.1021/jm049228d},
  url = {http://dx.doi.org/10.1021/jm049228d},
  year  = {2005},
  month = {mar},
  publisher = {American Chemical Society ({ACS})},
  volume = {48},
  number = {5},
  pages = {1638--1648},
  author = {Richard A. Lewis},
  title = {A General Method for Exploiting {QSAR} Models in Lead Optimization},
  journal = {Journal of Medicinal Chemistry}
}
@Article{hx,
  doi = {10.1073/pnas.1404213111},
  url = {http://dx.doi.org/10.1073/pnas.1404213111},
  year  = {2014},
  month = {oct},
  publisher = {Proceedings of the National Academy of Sciences},
  volume = {111},
  number = {45},
  pages = {15975--15980},
  author = {J. J. Skinner and W. Yu and E. K. Gichana and M. C. Baxa and J. R. Hinshaw and K. F. Freed and T. R. Sosnick},
  title = {Benchmarking all-atom simulations using hydrogen exchange},
  journal = {Proceedings of the National Academy of Sciences}
}
@article{4OBEcite,
  doi = {10.1073/pnas.1404639111},
  url = {http://dx.doi.org/10.1073/pnas.1404639111},
  year  = {2014},
  month = {jun},
  publisher = {Proceedings of the National Academy of Sciences},
  volume = {111},
  number = {24},
  pages = {8895--8900},
  author = {J. C. Hunter and D. Gurbani and S. B. Ficarro and M. A. Carrasco and S. M. Lim and H. G. Choi and T. Xie and J. A. Marto and Z. Chen and N. S. Gray and K. D. Westover},
  title = {In situ selectivity profiling and crystal structure of {SML}-8-73-1,  an active site inhibitor of oncogenic K-Ras G12C},
  journal = {Proceedings of the National Academy of Sciences}
}
@Article{rasblood,
   Author="Reuter, C. W.  and Morgan, M. A.  and Bergmann, L. ",
   Title="{{T}argeting the {R}as signaling pathway: a rational, mechanism-based treatment for hematologic malignancies?}",
   Journal="Blood",
   Year="2000",
   Volume="96",
   Number="5",
   Pages="1655--1669",
   Month="Sep"
}
@article{hdxms,
  doi = {10.1039/c0cs00113a},
  url = {http://dx.doi.org/10.1039/c0cs00113a},
  year  = {2011},
  publisher = {Royal Society of Chemistry ({RSC})},
  volume = {40},
  number = {3},
  pages = {1224},
  author = {Lars Konermann and Jingxi Pan and Yu-Hong Liu},
  title = {Hydrogen exchange mass spectrometry for studying protein structure and dynamics},
  journal = {Chem. Soc. Rev.}
}
@article{tethering,
  doi = {10.1073/pnas.97.17.9367},
  url = {http://dx.doi.org/10.1073/pnas.97.17.9367},
  year  = {2000},
  month = {aug},
  publisher = {Proceedings of the National Academy of Sciences},
  volume = {97},
  number = {17},
  pages = {9367--9372},
  author = {D. A. Erlanson and A. C. Braisted and D. R. Raphael and M. Randal and R. M. Stroud and E. M. Gordon and J. A. Wells},
  title = {Site-directed ligand discovery},
  journal = {Proceedings of the National Academy of Sciences}
}
@article{dockingrev,
  doi = {10.1016/s1367-5931(02)00339-3},
  url = {http://dx.doi.org/10.1016/S1367-5931(02)00339-3},
  year  = {2002},
  month = {aug},
  publisher = {Elsevier {BV}},
  volume = {6},
  number = {4},
  pages = {439--446},
  author = {Brian K Shoichet and Susan L McGovern and Binqing Wei and John J Irwin},
  title = {Lead discovery using molecular docking},
  journal = {Current Opinion in Chemical Biology}
}
@article{itcref,
  doi = {10.1016/s0959-440x(00)00248-7},
  url = {http://dx.doi.org/10.1016/S0959-440X(00)00248-7},
  year  = {2001},
  month = {sep},
  publisher = {Elsevier {BV}},
  volume = {11},
  number = {5},
  pages = {560--566},
  author = {Stephanie Leavitt and Ernesto Freire},
  title = {Direct measurement of protein binding energetics by isothermal titration calorimetry},
  journal = {Current Opinion in Structural Biology}
}
@article{blast,
  doi = {10.1016/s0022-2836(05)80360-2},
  url = {http://dx.doi.org/10.1016/S0022-2836(05)80360-2},
  year  = {1990},
  month = {oct},
  publisher = {Elsevier {BV}},
  volume = {215},
  number = {3},
  pages = {403--410},
  author = {Stephen F. Altschul and Warren Gish and Webb Miller and Eugene W. Myers and David J. Lipman},
  title = {Basic local alignment search tool},
  journal = {Journal of Molecular Biology}
}
@article{modeller,
  doi = {10.1006/jmbi.1993.1626},
  url = {http://dx.doi.org/10.1006/jmbi.1993.1626},
  year  = {1993},
  month = {dec},
  publisher = {Elsevier {BV}},
  volume = {234},
  number = {3},
  pages = {779--815},
  author = {Andrej {\v{S}}ali and Tom L. Blundell},
  title = {Comparative Protein Modelling by Satisfaction of Spatial Restraints},
  journal = {Journal of Molecular Biology}
}
@article{openmm,
  doi = {10.1021/ct300857j},
  url = {http://dx.doi.org/10.1021/ct300857j},
  year  = {2013},
  month = {jan},
  publisher = {American Chemical Society ({ACS})},
  volume = {9},
  number = {1},
  pages = {461--469},
  author = {Peter Eastman and Mark S. Friedrichs and John D. Chodera and Randall J. Radmer and Christopher M. Bruns and Joy P. Ku and Kyle A. Beauchamp and Thomas J. Lane and Lee-Ping Wang and Diwakar Shukla and Tony Tye and Mike Houston and Timo Stich and Christoph Klein and Michael R. Shirts and Vijay S. Pande},
  title = {{OpenMM} 4: A Reusable,  Extensible,  Hardware Independent Library for High Performance Molecular Simulation},
  journal = {J. Chem. Theory Comput.}
}
@article{shirts2008,
  doi = {10.1063/1.2978177},
  url = {http://dx.doi.org/10.1063/1.2978177},
  year  = {2008},
  publisher = {{AIP} Publishing},
  volume = {129},
  number = {12},
  pages = {124105},
  author = {Michael R. Shirts and John D. Chodera},
  title = {Statistically optimal analysis of samples from multiple equilibrium states},
  journal = {J. Chem. Phys.}
}
@book{liu,
  author = "Jun S. Liu",
  title = "Monte Carlo strategies in scientific computing",
  publisher = "Springer",
  year = "2001",
  ISBN = "0387952306"
}
@article{kyle,
  doi = {10.1021/ct200463m},
  url = {http://dx.doi.org/10.1021/ct200463m},
  year  = {2011},
  month = {oct},
  publisher = {American Chemical Society ({ACS})},
  volume = {7},
  number = {10},
  pages = {3412--3419},
  author = {Kyle A. Beauchamp and Gregory R. Bowman and Thomas J. Lane and Lutz Maibaum and Imran S. Haque and Vijay S. Pande},
  title = {{MSMBuilder}2: Modeling Conformational Dynamics on the Picosecond to Millisecond Scale},
  journal = {J. Chem. Theory Comput.}
}
@Article{rasgtp,
   Author="Pai, E. F.  and Krengel, U.  and Petsko, G. A.  and Goody, R. S.  and Kabsch, W.  and Wittinghofer, A. ",
   Title="{{R}efined crystal structure of the triphosphate conformation of {H}-ras p21 at 1.35 {A} resolution: implications for the mechanism of {G}{T}{P} hydrolysis}",
   Journal="EMBO J.",
   Year="1990",
   Volume="9",
   Number="8",
   Pages="2351--2359",
   Month="Aug"
}
@article{rasgdp,
  doi = {10.1016/0022-2836(91)90753-s},
  url = {http://dx.doi.org/10.1016/0022-2836(91)90753-S},
  year  = {1991},
  month = {feb},
  publisher = {Elsevier {BV}},
  volume = {217},
  number = {3},
  pages = {503--516},
  author = {Liang Tong and Abraham M. de Vos and Michael V. Milburn and Sung-Hou Kim},
  title = {Crystal structures at 2.2 {\{AA}} resolution of the catalytic domains of normal ras protein and an oncogenic mutant complexed with {GDP}},
  journal = {Journal of Molecular Biology}
}
@article{deshaw,
  doi = {10.1371/journal.pone.0032131},
  url = {http://dx.doi.org/10.1371/journal.pone.0032131},
  year  = {2012},
  month = {feb},
  publisher = {Public Library of Science ({PLoS})},
  volume = {7},
  number = {2},
  pages = {e32131},
  author = {Kresten Lindorff-Larsen and Paul Maragakis and Stefano Piana and Michael P. Eastwood and Ron O. Dror and David E. Shaw},
  editor = {Daniel J. Muller},
  title = {Systematic Validation of Protein Force Fields against Experimental Data},
  journal = {{PLoS} {ONE}}
}
@article{craik,
  doi = {10.1126/science.1169378},
  url = {http://dx.doi.org/10.1126/science.1169378},
  year  = {2009},
  month = {apr},
  publisher = {American Association for the Advancement of Science ({AAAS})},
  volume = {324},
  number = {5924},
  pages = {213--215},
  author = {G. M. Lee and C. S. Craik},
  title = {Trapping Moving Targets with Small Molecules},
  journal = {Science}
}
@article{mark,
  doi = {10.1016/s1093-3263(00)80091-1},
  url = {http://dx.doi.org/10.1016/S1093-3263(00)80091-1},
  year  = {2000},
  month = {jan},
  publisher = {Elsevier {BV}},
  volume = {18},
  number = {4-5},
  pages = {452--463},
  author = {John M. Barnard and Geoff M. Downs and Annette von Scholley-Pfab and Robert D. Brown},
  title = {Use of Markush structure analysis techniques for descriptor generation and clustering of large combinatorial libraries},
  journal = {Journal of Molecular Graphics and Modelling}
}
@article{pyla,
  doi = {10.1038/nrc3106},
  url = {http://dx.doi.org/10.1038/nrc3106},
  year  = {2011},
  month = {oct},
  publisher = {Nature Publishing Group},
  volume = {11},
  number = {11},
  pages = {761--774},
  author = {Yuliya Pylayeva-Gupta and Elda Grabocka and Dafna Bar-Sagi},
  title = {{RAS} oncogenes: weaving a tumorigenic web},
  journal = {Nat Rev Cancer}
}
@article{kitchen2004,
  doi = {10.1038/nrd1549},
  url = {http://dx.doi.org/10.1038/nrd1549},
  year  = {2004},
  month = {nov},
  publisher = {Nature Publishing Group},
  volume = {3},
  number = {11},
  pages = {935--949},
  author = {Douglas B. Kitchen and H{\'{e}}l{\`{e}}ne Decornez and John R. Furr and J\"{u}rgen Bajorath},
  title = {Docking and scoring in virtual screening for drug discovery: methods and applications},
  journal = {Nat Rev Drug Discov}
}
@article{lyubartsev1992,
  doi = {10.1063/1.462133},
  url = {http://dx.doi.org/10.1063/1.462133},
  year  = {1992},
  publisher = {{AIP} Publishing},
  volume = {96},
  number = {3},
  pages = {1776},
  author = {A. P. Lyubartsev and A. A. Martsinovski and S. V. Shevkunov and P. N. Vorontsov-Velyaminov},
  title = {New approach to Monte Carlo calculation of the free energy: Method of expanded ensembles},
  journal = {J. Chem. Phys.}
}
@article{warren2006,
  doi = {10.1021/jm050362n},
  url = {http://dx.doi.org/10.1021/jm050362n},
  year  = {2006},
  month = {oct},
  publisher = {American Chemical Society ({ACS})},
  volume = {49},
  number = {20},
  pages = {5912--5931},
  author = {Gregory L. Warren and C. Webster Andrews and Anna-Maria Capelli and Brian Clarke and Judith LaLonde and Millard H. Lambert and Mika Lindvall and Neysa Nevins and Simon F. Semus and Stefan Senger and Giovanna Tedesco and Ian D. Wall and James M. Woolven and Catherine E. Peishoff and Martha S. Head},
  title = {A Critical Assessment of Docking Programs and Scoring Functions},
  journal = {Journal of Medicinal Chemistry}
}
@article{kuntz1999,
  doi = {10.1073/pnas.96.18.9997},
  url = {http://dx.doi.org/10.1073/pnas.96.18.9997},
  year  = {1999},
  month = {aug},
  publisher = {Proceedings of the National Academy of Sciences},
  volume = {96},
  number = {18},
  pages = {9997--10002},
  author = {I. D. Kuntz and K. Chen and K. A. Sharp and P. A. Kollman},
  title = {The maximal affinity of ligands},
  journal = {Proceedings of the National Academy of Sciences}
}
@article{perez2013,
  doi = {10.1063/1.4811489},
  url = {http://dx.doi.org/10.1063/1.4811489},
  year  = {2013},
  publisher = {{AIP} Publishing},
  volume = {139},
  number = {1},
  pages = {015102},
  author = {Guillermo Perez-Hernandez and Fabian Paul and Toni Giorgino and Gianni De Fabritiis and Frank Noe},
  title = {Identification of slow molecular order parameters for Markov model construction},
  journal = {J. Chem. Phys.}
}
@article{boresch2013,
  doi = {10.1021/jp0217839},
  url = {http://dx.doi.org/10.1021/jp0217839},
  year  = {2003},
  month = {sep},
  publisher = {American Chemical Society ({ACS})},
  volume = {107},
  number = {35},
  pages = {9535--9551},
  author = {Stefan Boresch and Franz Tettinger and Martin Leitgeb and Martin Karplus},
  title = {Absolute Binding Free Energies:~ A Quantitative Approach for Their Calculation},
  journal = {J. Phys. Chem. B}
}
@article{mak2014,
  doi = {10.1016/j.cllc.2014.09.005},
  url = {http://dx.doi.org/10.1016/j.cllc.2014.09.005},
  year  = {2014},
  month = {sep},
  publisher = {Elsevier {BV}},
  author = {Raymond H. Mak and Gretchen Hermann and John H. Lewis and Hugo J.W.L. Aerts and Elizabeth H. Baldini and Aileen B. Chen and Yolonda L. Colson and Fred H. Hacker and David Kozono and Jon O. Wee and Yu-Hui Chen and Paul J. Catalano and Kwok-Kin Wong and David J. Sher},
  title = {Outcomes by Tumor Histology and {KRAS} Mutation Status after Lung Stereotactic Body Radiation Therapy for Early Stage Non-Small Cell Lung Cancer},
  journal = {Clinical Lung Cancer}
}
@article{pi3k,
  doi = {10.1016/s0092-8674(00)00196-3},
  url = {http://dx.doi.org/10.1016/S0092-8674(00)00196-3},
  year  = {2000},
  month = {dec},
  publisher = {Elsevier {BV}},
  volume = {103},
  number = {6},
  pages = {931--944},
  author = {Michael E. Pacold and Sabine Suire and Olga Perisic and Samuel Lara-Gonzalez and Colin T. Davis and Edward H. Walker and Phillip T. Hawkins and Len Stephens and John F. Eccleston and Roger L. Williams},
  title = {Crystal Structure and Functional Analysis of Ras Binding to Its Effector Phosphoinositide 3-Kinase $\upgamma$},
  journal = {Cell}
}
@article{chodera,
  doi = {10.1063/1.3660669},
  url = {http://dx.doi.org/10.1063/1.3660669},
  year  = {2011},
  publisher = {{AIP} Publishing},
  volume = {135},
  number = {19},
  pages = {194110},
  author = {John D. Chodera and Michael R. Shirts},
  title = {Replica exchange and expanded ensemble simulations as Gibbs sampling: Simple improvements for enhanced mixing},
  journal = {J. Chem. Phys.}
}
@article{trpmut,
  doi = {10.1021/bi00098a002},
  url = {http://dx.doi.org/10.1021/bi00098a002},
  year  = {1991},
  month = {aug},
  publisher = {American Chemical Society ({ACS})},
  volume = {30},
  number = {34},
  pages = {8287--8295},
  author = {Bruno Antonny and Pierre Chardin and Michel Roux and Marc Chabre},
  title = {{GTP} hydrolysis mechanisms in ras p21 and in the ras-{GAP} complex studied by fluorescence measurements on tryptophan mutants},
  journal = {Biochemistry}
}
@article{chodera2014,
  doi = {10.1016/j.sbi.2014.04.002},
  url = {http://dx.doi.org/10.1016/j.sbi.2014.04.002},
  year  = {2014},
  month = {apr},
  publisher = {Elsevier {BV}},
  volume = {25},
  pages = {135--144},
  author = {John D Chodera and Frank No{\'{e}}},
  title = {Markov state models of biomolecular conformational dynamics},
  journal = {Current Opinion in Structural Biology}
}
@article{irwin2012,
  doi = {10.1021/ci3001277},
  url = {http://dx.doi.org/10.1021/ci3001277},
  year  = {2012},
  month = {jul},
  publisher = {American Chemical Society ({ACS})},
  volume = {52},
  number = {7},
  pages = {1757--1768},
  author = {John J. Irwin and Teague Sterling and Michael M. Mysinger and Erin S. Bolstad and Ryan G. Coleman},
  title = {{ZINC}: A Free Tool to Discover Chemistry for Biology},
  journal = {Journal of Chemical Information and Modeling}
}
@article{ostrem2013,
  doi = {10.1038/nature12796},
  url = {http://dx.doi.org/10.1038/nature12796},
  year  = {2013},
  month = {nov},
  publisher = {Nature Publishing Group},
  volume = {503},
  number = {7477},
  pages = {548--551},
  author = {Jonathan M. Ostrem and Ulf Peters and Martin L. Sos and James A. Wells and Kevan M. Shokat},
  title = {K-Ras(G12C) inhibitors allosterically control {GTP} affinity and effector interactions},
  journal = {Nature}
}
@article{bowman2012,
  doi = {10.1073/pnas.1209309109},
  url = {http://dx.doi.org/10.1073/pnas.1209309109},
  year  = {2012},
  month = {jul},
  publisher = {Proceedings of the National Academy of Sciences},
  volume = {109},
  number = {29},
  pages = {11681--11686},
  author = {G. R. Bowman and P. L. Geissler},
  title = {Equilibrium fluctuations of a single folded protein reveal a multitude of potential cryptic allosteric sites},
  journal = {Proceedings of the National Academy of Sciences}
}
@article{hendlich1997,
  doi = {10.1016/s1093-3263(98)00002-3},
  url = {http://dx.doi.org/10.1016/S1093-3263(98)00002-3},
  year  = {1997},
  month = {dec},
  publisher = {Elsevier {BV}},
  volume = {15},
  number = {6},
  pages = {359--363},
  author = {Manfred Hendlich and Friedrich Rippmann and Gerhard Barnickel},
  title = {{LIGSITE}: automatic and efficient detection of potential small molecule-binding sites in proteins},
  journal = {Journal of Molecular Graphics and Modelling}
}
@article{sun2012,
  doi = {10.1002/anie.201201358},
  url = {http://dx.doi.org/10.1002/anie.201201358},
  year  = {2012},
  month = {may},
  publisher = {Wiley-Blackwell},
  volume = {51},
  number = {25},
  pages = {6140--6143},
  author = {Qi Sun and Jason P. Burke and Jason Phan and Michael C. Burns and Edward T. Olejniczak and Alex G. Waterson and Taekyu Lee and Olivia W. Rossanese and Stephen W. Fesik},
  title = {Discovery of Small Molecules that Bind to K-Ras and Inhibit Sos-Mediated Activation},
  journal = {Angew. Chem. Int. Ed.}
}
@article{gilson1997,
  doi = {10.1016/s0006-3495(97)78756-3},
  url = {http://dx.doi.org/10.1016/S0006-3495(97)78756-3},
  year  = {1997},
  month = {mar},
  publisher = {Elsevier {BV}},
  volume = {72},
  number = {3},
  pages = {1047--1069},
  author = {M.K. Gilson and J.A. Given and B.L. Bush and J.A. McCammon},
  title = {The statistical-thermodynamic basis for computation of binding affinities: a critical review},
  journal = {Biophysical Journal}
}
@article{mobley2008,
  doi = {10.1021/jp0764384},
  url = {http://dx.doi.org/10.1021/jp0764384},
  year  = {2008},
  month = {jan},
  publisher = {American Chemical Society ({ACS})},
  volume = {112},
  number = {3},
  pages = {938--946},
  author = {David L. Mobley and Ken A. Dill and John D. Chodera},
  title = {Treating Entropy and Conformational Changes in Implicit Solvent Simulations of Small Molecules},
  journal = {J. Phys. Chem. B}
}
@article{nilmeier2011,
  doi = {10.1073/pnas.1106094108},
  url = {http://dx.doi.org/10.1073/pnas.1106094108},
  year  = {2011},
  month = {oct},
  publisher = {Proceedings of the National Academy of Sciences},
  volume = {108},
  number = {45},
  pages = {E1009--E1018},
  author = {J. P. Nilmeier and G. E. Crooks and D. D. L. Minh and J. D. Chodera},
  title = {Nonequilibrium candidate Monte Carlo is an efficient tool for equilibrium simulation},
  journal = {Proceedings of the National Academy of Sciences}
}
@article{drinkwater2010,
  doi = {10.1042/bj20100651},
  url = {http://dx.doi.org/10.1042/BJ20100651},
  year  = {2010},
  month = {sep},
  publisher = {Portland Press Ltd.},
  volume = {431},
  number = {1},
  pages = {51--61},
  author = {Nyssa Drinkwater and Hoan Vu and Kimberly~M. Lovell and Kevin~R. Criscione and Brett~M. Collins and Thomas~E. Prisinzano and Sally?Ann Poulsen and Michael~J. McLeish and Gary~L. Grunewald and Jennifer~L. Martin},
  title = {Fragment-based screening by X-ray crystallography,  {MS} and isothermal titration calorimetry to identify {PNMT} (phenylethanolamine N-methyltransferase) inhibitors},
  journal = {Biochem. J.}
}
@article{antan2014,
  doi = {10.1007/s10858-014-9848-9},
  url = {http://dx.doi.org/10.1007/s10858-014-9848-9},
  year  = {2014},
  month = {jul},
  publisher = {Springer Science $\mathplus$ Business Media},
  volume = {60},
  number = {1},
  pages = {37--44},
  author = {Aleksandar Antanasijevic and Benjamin Ramirez and Michael Caffrey},
  title = {Comparison of the sensitivities of {WaterLOGSY} and saturation transfer difference {NMR} experiments},
  journal = {J Biomol {NMR}}
}
@article{fesik,
  doi = {10.1002/anie.201201358},
  url = {http://dx.doi.org/10.1002/anie.201201358},
  year  = {2012},
  month = {may},
  publisher = {Wiley-Blackwell},
  volume = {51},
  number = {25},
  pages = {6140--6143},
  author = {Qi Sun and Jason P. Burke and Jason Phan and Michael C. Burns and Edward T. Olejniczak and Alex G. Waterson and Taekyu Lee and Olivia W. Rossanese and Stephen W. Fesik},
  title = {Discovery of Small Molecules that Bind to K-Ras and Inhibit Sos-Mediated Activation},
  journal = {Angew. Chem. Int. Ed.}
}
@article{chemtransform,
  doi = {10.1021/ci200379p},
  url = {http://dx.doi.org/10.1021/ci200379p},
  year  = {2011},
  month = {dec},
  publisher = {American Chemical Society ({ACS})},
  volume = {51},
  number = {12},
  pages = {3093--3098},
  author = {Markus Hartenfeller and Martin Eberle and Peter Meier and Cristina Nieto-Oberhuber and Karl-Heinz Altmann and Gisbert Schneider and Edgar Jacoby and Steffen Renner},
  title = {A Collection of Robust Organic Synthesis Reactions for In Silico Molecule Design},
  journal = {Journal of Chemical Information and Modeling}
}
